@inproceedings{Sagem_ller_2019,
  author = {Justus Sagem√ºller and Olivier Verdier},
  booktitle = {Proceedings of the 8th {ACM} {SIGPLAN} International Workshop on Functional High-Performance and Numerical Computing  - {FHPNC} 2019},
  doi = {10.1145/3331553.3342615},
  publisher = {{ACM} Press},
  title = {Lazy Evaluation in Infinite-dimensional Function Spaces With Wavelet Basis},
  url = {https://doi.org/10.1145%2F3331553.3342615},
  year = {2019},
  timestamp = {2019-09-19T12:46:09},
}